{1:F01KNABNL2HAXXX0000000000}{2:I940KNABNL2HXXXXN3020}{4:
:20:B6I15MSLX6705AV3
:25:NL95KNAB0011223344
:28C:1/1
:60F:C160914EUR0,
:61:1609140914C100,N110NL66RABO01295689//B6I14PGAHT6R1BM1
:86:/TRTP/SEPA
OVERBOEKING/BBAN/90000014/BIC/KNABNL2HXXX/NAME/KNAB
/REMI/EERSTE
OVERBOEKING,
BETALINGSKENMERK:
0050002417734462,
REF
ERENTIENUMMAB0255499590,
14-09-2016
12:32
:62F:C160915EUR100,
-}
{1:F01KNABNL2HAXXX0000000000}{2:I940KNABNL2HXXXXN3020}{4:
:20:B6K22MSRIO6BJZZB
:25:NL95KNAB0255499590
:28C:4/1
:60F:C161121EUR95,02
:61:1611211121D58,96N20020-11-2016 21:31//B6K21PGKGO755NPK
:86:/TRTP/IDEAL BETALING/IBAN/NL59ABNA0626226163/BIC/ABNANL2AXXX
/NAME/WORLDPAY CUSTOMER PAYMENTS/REMI/7510143342 0030001826916174
 VISTAPRINT 9ZTV3-34A29-5N6 000291VISTAPRIN
:62F:C161122EUR36,06
-}