ABNANL2A
940
ABNANL2A
:20:ABN AMRO BANK NV
:25:123456789
:28:12345/1
:60F:C110713EUR3148,49
:61:1107140715C5,41N426NONREF
:86:/TRTP/SEPA OVERBOEKING/IBAN/NL****/BIC/ABNA***/NAME/
TT TEST/REMI/TRANSFER OWN MONEY/EREF/NOTPROVIDED
:62F:C110713EUR2940,39
-
ABNANL2A
940
ABNANL2A
:20:ABN AMRO BANK NV
:25:123456777
:28:67890/1
:60M:D110612EUR2940,39
:61:1106130614D1,TRF426NONREF
:86:BEA   NR:2XW218   12.06.11/10.36 PARKEREN
:61:1610151017D1,4N426NONREF
:62F:D110612EUR1862,36
-
