:20:B7B28XXXXXXXXXXXX
:25:NL18KNAB0200000000
:28C:190/1
:60F:C170227EUR27,31
:61:1702270227D0,7N310NONREF//B7B27AG0MQ000001
:86:/TRTP/BETAALAUTOMAAT BUITENLAND/NAME/ITM HANDELSGESELLSCHAF
/REMI/KIEFERSFELDEN 25-02-2017 16:57 PAS: 8XX9
:61:1702270227D0,7N310NONREF//B7B27AG0MR000001
:86:/TRTP/BETAALAUTOMAAT BUITENLAND/NAME/ITM HANDELSGESELLSCHAF
/REMI/KIEFERSFELDEN 25-02-2017 16:58 PAS: 8XX9
:62F:C170228EUR25,91