{1:F01KNABNL2HAXXX0000000000}{2:I940KNABNL2HXXXXN3020}{4:
:20:B6I15MSLX6705AV3
:25:NL95KNAB0011223344
:28C:1/1
:60F:C160914EUR0,
:61:1609140914C100,N110NL66RABO01295689//B6I14PGAHT6R1BM1
:86:/TRTP/SEPA
OVERBOEKING/BBAN/90000014/BIC/KNABNL2HXXX/NAME/KNAB
/REMI/EERSTE
OVERBOEKING,
BETALINGSKENMERK:
0050002417734462,
REF
ERENTIENUMMAB0255499590,
14-09-2016
12:32
:62F:C160915EUR100,
-}